 @inbook{fremlin_2011, place={Colchester, Essex}, chapter={343I}, volume={3}, title={Measure Theory}, publisher={Fremlin}, author={Fremlin, David H.}, year={2011}, pages={186â€“187}} 